@inproceedings{saunders1998ridge,
  title={Ridge regression learning algorithm in dual variables},
  author={Saunders, Craig and Gammerman, Alexander and Vovk, Volodya},
  booktitle={(ICML-1998) Proceedings of the 15th International Conference on Machine Learning},
  pages={515--521},
  year={1998},
  organization={Morgan Kaufmann}
}

@article{szekely2007measuring,
  title={Measuring and testing dependence by correlation of distances},
  author={Sz{\'e}kely, G{\'a}bor J and Rizzo, Maria L and Bakirov, Nail K and others},
  journal={The Annals of Statistics},
  volume={35},
  number={6},
  pages={2769--2794},
  year={2007},
  publisher={Institute of Mathematical Statistics}
}

@article{zhang2012kernel,
  title={Kernel-based conditional independence test and application in causal discovery},
  author={Zhang, Kun and Peters, Jonas and Janzing, Dominik and Sch{\"o}lkopf, Bernhard},
  journal={arXiv preprint arXiv:1202.3775},
  year={2012}
}

@article{hannan1979determination,
  title={The determination of the order of an autoregression},
  author={Hannan, Edward J and Quinn, Barry G},
  journal={Journal of the Royal Statistical Society. Series B (Methodological)},
  pages={190--195},
  year={1979},
  publisher={JSTOR}
}

@article{opgen2007correlation,
  title={From correlation to causation networks: a simple approximate learning algorithm and its application to high-dimensional plant gene expression data},
  author={Opgen-Rhein, Rainer and Strimmer, Korbinian},
  journal={BMC systems biology},
  volume={1},
  number={1},
  pages={37},
  year={2007},
  publisher={BioMed Central Ltd}
}

@article{schafer2005empirical,
  title={An empirical Bayes approach to inferring large-scale gene association networks},
  author={Sch{\"a}fer, Juliane and Strimmer, Korbinian},
  journal={Bioinformatics},
  volume={21},
  number={6},
  pages={754--764},
  year={2005},
  publisher={Oxford University Press}
}

@phdthesis{margaritis2003learning,
  title={Learning Bayesian network model structure from data},
  author={Margaritis, Dimitris},
  year={2003},
  school={University of Pittsburgh}
}

@incollection{chickering1996learning,
  title={Learning Bayesian networks is NP-complete},
  author={Chickering, David Maxwell},
  booktitle={Learning from data},
  pages={121--130},
  year={1996},
  publisher={Springer}
}

@inproceedings{jaakkola2010learning,
  title={Learning Bayesian network structure using LP relaxations},
  author={Jaakkola, Tommi and Sontag, David and Globerson, Amir and Meila, Marina},
  booktitle={International Conference on Artificial Intelligence and Statistics},
  pages={358--365},
  year={2010}
}

@article{tsamardinos2006max,
  title={The max-min hill-climbing Bayesian network structure learning algorithm},
  author={Tsamardinos, Ioannis and Brown, Laura E and Aliferis, Constantin F},
  journal={Machine learning},
  volume={65},
  number={1},
  pages={31--78},
  year={2006},
  publisher={Springer}
}

@article{schwarz1978estimating,
  title={Estimating the dimension of a model},
  author={Schwarz, Gideon and others},
  journal={The annals of statistics},
  volume={6},
  number={2},
  pages={461--464},
  year={1978},
  publisher={Institute of Mathematical Statistics}
}

@article{de2006scoring,
  title={A scoring function for learning bayesian networks based on mutual information and conditional independence tests},
  author={De Campos, Luis M},
  journal={The Journal of Machine Learning Research},
  volume={7},
  pages={2149--2187},
  year={2006},
  publisher={JMLR. org}
}

@article{brenner2013sparsityboost,
    title={SparsityBoost: A New Scoring Function for Learning Bayesian Network Structure},
      author={Brenner, Eliot and Sontag, David},
        journal={arXiv preprint arXiv:1309.6820},
          year={2013}
}
@inproceedings{john1995estimating,
    title={Estimating continuous distributions in Bayesian classifiers},
      author={John, George H and Langley, Pat},
        booktitle={Proceedings of the Eleventh conference on Uncertainty in artificial intelligence},
          pages={338--345},
            year={1995},
              organization={Morgan Kaufmann Publishers Inc.}
}
